@inproceedings{kempka2016vizdoom,
title={Vizdoom: A doom-based ai research platform for visual reinforcement learning},
author={Kempka, Micha{\l} and Wydmuch, Marek and Runc, Grzegorz and Toczek, Jakub and Ja{\'s}kowski, Wojciech},
booktitle={2016 IEEE conference on computational intelligence and games (CIG)},
pages={1--8},
year={2016},
organization={IEEE}
}


@article{heess2015learning,
title={Learning continuous control policies by stochastic value gradients},
author={Heess, Nicolas and Wayne, Gregory and Silver, David and Lillicrap, Timothy and Erez, Tom and Tassa, Yuval},
journal={Advances in neural information processing systems},
volume={28},
year={2015}
}

@article{mnih2013playing,
  title={Playing atari with deep reinforcement learning},
  author={Mnih, Volodymyr and Kavukcuoglu, Koray and Silver, David and Graves, Alex and Antonoglou, Ioannis and Wierstra, Daan and Riedmiller, Martin},
  journal={arXiv preprint arXiv:1312.5602},
  year={2013}
}